@Misc{Mozilla2023,
  urlaccessdate = {24 de Maio de 2023},
  author        = {Mozilla},
  title         = {JavaScript},
  url           = {https://developer.mozilla.org/en-US/docs/Web/JavaScript},
  year          = {2023},
}

@Misc{Malavasi2017,
  urlaccessdate = {25 de Maio de 2023},
  author        = {Alexandre Malavasi},
  title         = {Afinal, Javascript e ECMAScript são a mesma coisa?},
  url           = {https://medium.com/trainingcenter/afinal-javascript-e-ecmascript-são-a-mesma-coisa-498374abbc47},
  year          = {2017},
  month         = nov,
}

@Misc{Microsoft2023,
  urlaccessdate = {28 de Maio de 2023},
  author        = {Microsoft},
  title         = {TypeScript: JavaScript with syntax for types},
  url           = {https://www.typescriptlang.org/},
  year          = {2023},
}

@Book{Goldberg2022,
  author    = {Goldberg, Josh},
  publisher = {O'Reilly Media, Incorporated},
  title     = {Learning TypeScript},
  year      = {2022},
  isbn      = {1098110331},
  subtitle  = {Enhance Your Web Development Skills Using Type-Safe JavaScript},
}

@Misc{Microsoft2023a,
  urlaccessdate = {31 de Maio de 2023},
  author        = {Microsoft},
  title         = {The TypeScript Handbook},
  url           = {https://www.typescriptlang.org/docs/handbook/intro.html#about-this-handbook},
  year          = {2023},
}

@Misc{Foundation2023,
  urlaccessdate = {4 de Junho de 2023},
  author        = {OpenJS Foundation},
  title         = {About NodeJS},
  url           = {https://nodejs.dev/en/about/},
  year          = {2023},
}

@Misc{ClaudioWunder,
  urlaccessdate = {4 de Junho de 2023},
  author        = {Claudio Wunder e Hassan Bahati},
  title         = {Overview of Blocking vs Non-Blocking},
  url           = {https://nodejs.dev/en/learn/overview-of-blocking-vs-non-blocking/},
  year          = {2022},
}

@Misc{npm2022,
  urlaccessdate = {5 de Junho de 2023},
  author        = {npm, Inc.},
  title         = {About npm},
  url           = {https://docs.npmjs.com/about-npm},
  year          = {2022},
}

@Misc{Qawwas2022,
  urlaccessdate = {9 de Junho de 2023},
  author        = {Obada Qawwas},
  title         = {Modular, Maintainable Front-end React Code With Separation of Concerns},
  url           = {https://engineering.teknasyon.com/separation-of-concerns-on-the-front-end-with-react-fd5d4afcc298},
  year          = {2022},
}

@Misc{Meta2023,
  urlaccessdate = {9 de Junho de 2023},
  author        = {Meta},
  title         = {Learn React: Quick Start},
  url           = {https://react.dev/learn},
  year          = {2023},
}

@Misc{Exchange2023,
  urlaccessdate = {10 de Junho de 2023},
  author        = {Stack Exchange},
  title         = {2023 Developer Survey},
  url           = {https://survey.stackoverflow.co/2023/},
  year          = {2023},
}

@Misc{PostgreSQL2023,
  urlaccessdate = {12 de Junho de 2023},
  author        = {PostgreSQL},
  title         = {About PostgreSQL},
  url           = {https://www.postgresql.org/about/},
  year          = {2023},
}

@Misc{Kinsta2023,
  urlaccessdate = {13 de Junho de 2023},
  author        = {Kinsta},
  title         = {O que é PostgreSQL?},
  url           = {https://kinsta.com/pt/base-de-conhecimento/o-que-e-postgresql/},
  year          = {2023},
}

@Misc{Mysliwiec2023,
  urlaccessdate = {19 de Junho de 2023},
  author        = {Kamil Mysliwiec},
  title         = {NestJS Introduction},
  url           = {https://docs.nestjs.com/},
  year          = {2023},
}

@Misc{Passos2018,
  urlaccessdate = {19 de Junho de 2023},
  author        = {Clayton K. N. Passos},
  title         = {Nest.js — backend com cara de Angular sobre NodeJs},
  url           = {https://medium.com/codigorefinado/nest-js-typescript-pra-node-js-e-expess-e5042b77cae0},
  year          = {2018},
}

@Misc{Mysliwiec2023a,
  urlaccessdate = {19 de Junho de 2023},
  author        = {Kamil Mysliwiec},
  title         = {NestJS CLI},
  url           = {https://docs.nestjs.com/cli/overview},
  year          = {2023},
}

@Article{OMS2022,
  author  = {OMS},
  journal = {COVID-19: Scientific briefs},
  title   = {Mental Health and COVID-19: Early evidence of thepandemic’s impact},
  year    = {2022},
}

@Misc{ABP2020,
  urlaccessdate = {30 de Maio de 2023},
  author        = {ABP},
  title         = {Atendimentos psiquiátricos no Brasil sofrem impacto da pandemia de Covid-19},
  url           = {https://www.abp.org.br/post/atendimentos-psiquiatricos-no-brasil-sofrem-impacto-da-pandemia-de-covid-19},
  year          = {2020},
}

@Misc{IPSOS2021,
  urlaccessdate = {1 de Julho de 2023},
  author        = {IPSOS},
  title         = {World Mental Health Day 2021},
  url           = {https://www.ipsos.com/en/world-mental-health-day-2021},
  year          = {2021},
}

@Comment{jabref-meta: databaseType:bibtex;}
